@book{alexander,
   author = "Christopher Alexander and S. Ishikawa and M. Silverstein and M. Jacobson and I. Fiksdahl-King and S. Angel",
   publisher = "Addison-Wesley",
   title = "A Pattern Language: Towns, Buildings, Construction",
   year = "1977",
   address = "Oxford"
}

@misc{metzger,
   author = "Robert Metzger",
   year = "2012",
   month = sep,
   title = "Implementing a {S}calable, {D}istributed {S}earch and {D}ata {A}nalytics {E}ngine for {L}og {F}ile {A}nalysis into a {C}loud based {A}rchive {U}sing {A}pache {H}adoop"
}

@misc{eich,
   author = "Brendan Eich",
   month = apr,
   day = "3",
   note = "Accessed: 25/05/2012",
   title = "Popularity",
   year = "2008",
   URL = "{http://brendaneich.com/2008/04/popularity/}"
}

@book{flanagan,
   author = "David Flanagan",
   publisher = "O'Reilly \& Associates",
   title = "{J}ava{S}cript: {T}he {D}efinitive {G}uide",
   year = "2006",
   edition = "5th"
}

@book{poeaa,
   author = "Martin Fowler",
   publisher = "Addison-Wesley Professional",
   title = "Patterns of Enterprise Application Architecture",
   year = "2002",
   edition = "1st"
}

@misc{fowlergui,
   author = "Martin Fowler",
   title = "{GUI} {A}rchitectures",
   year = "2006",
   url = "{http://martinfowler.com/eaaDev/uiArchs.html}",
   note = "Accessed: 08/03/2012"
}

@misc{zyp,
   author = "Kris Zyp",
   title = "{Using Dojo Data}",
   url = "{http://dojotoolkit.org/documentation/tutorials/1.6/dojo\_data/}"
}

@book{redbook,
   author = "Wei-Dong Zhu and Ya Zhou Lou and Johnny Meissler and Ron Rathgeber and Harry Richards and Jana Saalfeld and Sebastian Schmid and Kosta Tachtevrenidis",
   title = "{Customizing and Extending IBM Content Navigator}",
   note = "IBM Redbook",
   year = "2012"
}

@misc{fowlerpv,
   author = "Martin Fowler",
   title = "Passive {V}iew",
   year = "2006",
   url = "{http://martinfowler.com/eaaDev/PassiveScreen.html}",
   note = "Accessed: 08/03/2012"
}

@book{gof,
   author = "Erich Gamma and Richard Helm and Ralph Johnson and John Vlissides",
   publisher = "Addison-Wesley",
   title = "Design Patterns: Elements of Reusable Object-Oriented Software",
   edition = "5th",
   address = "Massachusetts",
   year = "1995"
}

@book{johnson,
   author = "R. Johnson",
   publisher = "Wiley Publishing, Inc.",
   title = "J2EE Design and Development",
   year = "2003",
   address = "Indianapolis"
}

@book{osmani,
   author = "Addy Osmani",
   publisher = "O'Reilly",
   title = "Learning JavaScript Design Patterns",
   year = "2012"
}

@misc{reenskaug79a,
   author = "Trygve Reenskaug",
   title = "{THING--MODEL--VIEW--EDITOR}, an {E}xample from a planningsystem",
   year = "1979",
   month = may,
   day = "12"
}

@misc{reenskaug79b,
   author = "Trygve Reenskaug",
   title = "{MODELS--VIEWS--CONTROLLERS}",
   year = "1979",
   month = dec,
   day = "10"
}

@misc{reenskaug03,
   author = "Trygve Reenskaug",
   title = "The {Model-View-Controller} {(MVC)}. {I}ts {P}ast and {P}resent",
   year = "2003",
   address = "Oslo/Ã…rhus"
}

@misc{reenskaugweb,
   author = "Trygve Reenskaug",
   title = "Trygve/{MVC}",
   url = "{http://heim.ifi.uio.no/\tilde{}trygver/themes/mvc/mvc-index.html}",
   note = "Accessed: 07/14/2012"
}

@misc{schiemann07a,
   author = "Dylan Schiemann",
   title = "The forever-frame technique",
   year = "2007",
   month = nov,
   day = "5",
   url = "http://cometdaily.com/2007/11/05/the-forever-frame-technique/",
   note = "Accessed: 07/27/2012"
}

@misc{schiemann07b,
   author = "Dylan Schiemann",
   title = "The Long-Polling Technique",
   year = "2007",
   month = nov,
   day = "15",
   url = {{http://cometdaily.com/2007/11/15/the-long-polling-technique/}},
   note = "Accessed: 07/27/2012"
}

@misc{steele,
   author = "Oliver Steele",
   title = "Web {MVC}",
   year = "2004",
   month = aug,
   day = "27",
   url = {{http://osteele.com/archives/2004/08/web-mvc}},
   note = "Accessed: 07/22/2012"
}

@misc{wiki:ecm,
   author = "Wikipedia",
   title = "Enterprise {C}ontent {M}anagement",
   url = {http://en.wikipedia.org/wiki/Enterprise\_content\_management},
   note = "Accessed: 08/18/2012"
}

@misc{wiki:http,
   author = "Wikipedia",
   title = "Hypertext Transfer Protocol",
   url = {http://en.wikipedia.org/wiki/Hypertext\_Transfer\_Protocol},
   note = "Accessed: 08/25/2012"
}

@misc{venners,
   author = "Bill Venners",
   title = "{Twitter on Scala}",
   year = "2009",
   url = "{http://www.artima.com/scalazine/articles/twitter\_on\_scala.html}",
   note = "Accessed: 08/25/2012"
}

@misc{selvitelle,
   author = "Britt Selvitelle",
   title = "{The Tech Behind the New Twitter.com}",
   year = "2010",
   url = "{http://engineering.twitter.com/2010/09/tech-behind-new-twittercom.html}",
   note = "Accessed: 08/25/2012"
}

@misc{http,
   author = "R. Fielding and J. Gettys and J. Mogul and H. Frystyk and  L. Masinter and P. Leach and T. Berners-Lee",
   year = "1991",
   title = "{Hypertext Transfer Protocol -- HTTP/1.1}",
   note = "IETF RFC2616",
   url = "{http://www.ietf.org/rfc/rfc2616.txt}"
}
\bibitem[RFC2616]{url:http}
\url{http://www.ietf.org/rfc/rfc2616.txt}