@book{moggridge,
   author = "Bill Moggridge",
   publisher = "The MIT Press",
   title = "Designing {I}nteractions",
   year = "2007",
   address = "Cambridge, MA, USA"
}

@book{friedman,
   author = "Daniel P. Friedman and Mitchell Wand",
   publisher = "The MIT Press",
   edition = "3rd",
   year = "2008",
   title = "Essentials of {P}rogramming {L}anguages"
}

@misc{crockford,
   author = "Douglas Crockford",
   month = jan,
   day = "15",
   note = "Accessed: 26.04.2014",
   title = "Monads and Gonads",
   year = "2013",
   URL = "{https://www.youtube.com/watch?v=b0EF0VTs9Dc}"
}

@book{getify,
   author = "Kyle Simpson",
   publisher = "O'Reilly Media",
   title = "You {D}on't {K}now {JS}: {S}cope \& {C}losures",
   year = "2014"
}
