% Copyright 1994 Peter Williams.
%
% This work may be distributed and/or modified under the
% conditions of the LaTeX Project Public License, either version 1.3
% of this license or (at your option) any later version.
% The latest version of this license is in
%   http://www.latex-project.org/lppl.txt
% and version 1.3 or later is part of all distributions of LaTeX
% version 2005/12/01 or later.
%
% This work has the LPPL maintenance status `maintained'.
% 
% The Current Maintainers of this work are Peter Williams and Thorsten Schnier.
%
% This work consists of all files listed in manifest.txt.
%
% Licence and copyright notices added on behalf of Peter Williams and Thorsten Schnier
% by Clea F. Rees 2009/01/30.

@book{alexander,
   author = "C. Alexander, S. Ishikawa, and M. Silverstein with M. Jacobson, I. Fiksdahl-King, and S. Angel",
   publisher = "Addison-Wesley",
   title = "A Pattern Language: Towns, Buildings, Construction",
   year = "1977",
   address = "Oxford"
}

@unpublished{eich,
   author = "Brendan Eich",
   month = apr,
   day = "3"
   note = "Article on Brendan Eich's personal website",
   title = "Popularity",
   year = "2008",
   URL = "http://brendaneich.com/2008/04/popularity/"
}

@book{flanagan,
   author = "David Flanagan",
   publisher = "O'Reilly \& Associates",
   title = "JavaScript: The Definitive Guide",
   year = "2006",
   edition = "5th"
}

@book{poeaa,
   author = "Martin Fowler",
   publisher = "Addison-Wesley Professional",
   title = "Patterns of Enterprise Application Architecture",
   year = "2002",
   edition = "1st"
}

@unpublished{fowlergui,
   author = "Martin Fowler",
   title = "GUI Architectures",
   year = "2006",
   url = "http://martinfowler.com/eaaDev/uiArchs.html",
   note = "Development of Further Patterns of Enterprise Application Architecture"
}

@unpublished{fowlerpv,
   author = "Martin Fowler",
   title = "Passive View",
   year = "2006",
   url = "http://martinfowler.com/eaaDev/PassiveScreen.html",
   note = "Development of Further Patterns of Enterprise Application Architecture"
}

@book{gof,
   author = "E. Gamma, R. Helm, R. Johnson, and J. Vlissides",
   publisher = "Addison-Wesley",
   title = "Design Patterns: Elements of Reusable Object-Oriented Software",
   edition = "5th",
   address = "Massachusetts",
   year = "1995"
}

@book{johnson,
   author = "R. Johnson",
   publisher = "Wiley Publishing, Inc.",
   title = "J2EE Design and Development",
   year = "2003",
   address = "Indianapolis"
}

@book{osmani,
   author = "Addy Osmani",
   publisher = "O'Reilly",
   title = "Learning JavaScript Design Patterns",
   year = "2012",
   edition = "Early release revision 2"
}

@unpublished{reenskaug79a,
   author = "T. Reenskaug",
   title = "THING--MODEL--VIEW--EDITOR, an Example from a planningsystem",
   year = "1979",
   month = may,
   day = "12"
}

@unpublished{reenskaug79b,
   author = "T. Reenskaug",
   title = "MODELS--VIEWS--CONTROLLERS",
   year = "1979",
   month = dec,
   day = "10"
}

@unpublished{reenskaug03,
   author = "T. Reenskaug",
   title = "The Model-View-Controller (MVC). Its Past and Present",
   year = "2003",
   address = "Oslo/Ã…rhus"
}

 // received July 14, 2012
@unpublished{reenskaugweb,
   author = "Trygve Reenskaug",
   title = "Trygve/MVC",
   url = "http://heim.ifi.uio.no/~trygver/themes/mvc/mvc-index.html"
}

// received July 27, 2012
@unpublished{schiemann07a,
   author = "D. Schiemann",
   title = "The forever-frame technique",
   year = "2007",
   month = nov,
   day = "5",
   url = "http://cometdaily.com/2007/11/05/the-forever-frame-technique/"
}

// received July 27, 2012
@unpublished{schiemann07b,
   author = "D. Schiemann",
   title = "The Long-Polling Technique",
   year = "2007",
   month = nov,
   day = "15",
   url = "http://cometdaily.com/2007/11/15/the-long-polling-technique/"
}

// received received July 22, 2012
@unpublished{steele,
   author = "Oliver Steele",
   title = "Web MVC",
   year = "2004",
   month = aug,
   day = "27",
   url = "http://osteele.com/archives/2004/08/web-mvc"
}


@book{latex,
   author = "Leslie Lamport",
   publisher = "Addison-Wesley",
   title = "{\LaTeX \rm:} {A} Document Preparation System",
   year = "1986"
}

@book{latex:guide,
   author = "Helmut Kopka and Patrick W. Daly",
   publisher = "Addison-Wesley",
   title = "A Guide to {\LaTeX \rm:} {D}ocument Preparation for Beginners and Advanced Users",
   year = "1993"
}

@unpublished{btxdoc,
   author = "Oren Patashnik",
   month = jan,
   note = "Documentation for general {\BibTeX} users",
   title = "{{\BibTeX ing}}",
   year = "1988"
}

@book{agsm,
   author = "John Pitson",
   address = "Canberra",
   edition = "3rd",
   publisher = "Australian Government Publishing Service",
   title = "Style Manual for authors editors and printers of {A}ustralian
government publications",
   year = "1978"
}

@unpublished{latex2htmldoc,
   author = "Nikos Drakos",
   month = jan,
   note = "Documentation accompanying the {\LaTeX} to {\sc html} translator",
   title = "The {\LaTeX}2{\sc html} Translator",
   year = "1994",
   URL = "http://cbl.leeds.ac.uk/nikos/tex2html/doc/latex2html/latex2html.html"
}
